% Encoding: UTF-8

@article{heikoLorijn,
  author = "Lorijn van Rooijen and Heiko Hamann",
  title  = "Requirements Specification-by-Example Using a Multi-Objective Evolutionary Algorithm",
  year   = 2016,
  note   = "AIRE16"
}
@manual{umlSequenceDiags,
    organization  = "Object Management Group (OMG)",
    title         = "OMG Unified Modelling Language",
    number        = "formal/2015-03-01",
    year          =  2015,
    month         = "March",    
	edition		  = "v 2.5"
}
@article{soa,
  title={Migrating to a service-oriented architecture},
  author={Channabasavaiah, Kishore and Holley, Kerrie and Tuggle, Edward},
  journal={IBM DeveloperWorks},
  volume={16},
  year={2003}
}
@inproceedings{EDSM,
 author = {Lang, Kevin J. and Pearlmutter, Barak A. and Price, Rodney A.},
 title = {Results of the Abbadingo One DFA Learning Competition and a New Evidence-Driven State Merging Algorithm},
 booktitle = {Proceedings of the 4th International Colloquium on Grammatical Inference},
 series = {ICGI '98},
 year = {1998},
 isbn = {3-540-64776-7},
 pages = {1--12},
 numpages = {12},
 url = {http://dl.acm.org/citation.cfm?id=645517.655780},
 acmid = {655780},
 publisher = {Springer-Verlag},
 address = {London, UK, UK},
} 

@article{evoGram,
 author = {Lucas, Simon M. and Reynolds, T. Jeff},
 title = {Learning Deterministic Finite Automata with a Smart State Labeling Evolutionary Algorithm},
 journal = {IEEE Trans. Pattern Anal. Mach. Intell.},
 issue_date = {July 2005},
 volume = {27},
 number = {7},
 month = jul,
 year = {2005},
 issn = {0162-8828},
 pages = {1063--1074},
 numpages = {12},
 url = {http://dx.doi.org/10.1109/TPAMI.2005.143},
 doi = {10.1109/TPAMI.2005.143},
 acmid = {1070801},
 publisher = {IEEE Computer Society},
 address = {Washington, DC, USA},
 keywords = {Index Terms- Grammatical inference, Index Terms- Grammatical inference, finite state automata, random hill climber, evolutionary algorithm., evolutionary algorithm., finite state automata, random hill climber},
}
@INPROCEEDINGS{breedingGrammars,
    author = {Marc M. Lankhorst},
    title = {Breeding Grammars: Grammatical Inference with a Genetic Algorithm},
    booktitle = {Proceedings of the 1994 EUROSIM conference on massively parallel processing applications and development},
    year = {1994},
    pages = {423--430},
    publisher = {Elsevier}
}
@article{activeCoEvo,
 author = {Bongard, Josh and Lipson, Hod},
 title = {Active Coevolutionary Learning of Deterministic Finite Automata},
 journal = {J. Mach. Learn. Res.},
 issue_date = {12/1/2005},
 volume = {6},
 month = dec,
 year = {2005},
 issn = {1532-4435},
 pages = {1651--1678},
 numpages = {28},
 url = {http://dl.acm.org/citation.cfm?id=1046920.1194900},
 acmid = {1194900},
 publisher = {JMLR.org},
} 
@article{horn,
 ISSN = {00224812},
 URL = {http://www.jstor.org/stable/2268661},
 author = {Alfred Horn},
 journal = {The Journal of Symbolic Logic},
 number = {1},
 pages = {14-21},
 publisher = {Association for Symbolic Logic},
 title = {On Sentences Which are True of Direct Unions of Algebras},
 volume = {16},
 year = {1951}
}
@article{NSGA,
    author = {Kalyanmoy Deb and Amrit Pratap and Sameer Agarwal and T. Meyarivan},
    title = {A Fast Elitist Multi-Objective Genetic Algorithm: NSGA-II},
    journal = {IEEE Transactions on Evolutionary Computation},
    year = {2000},
    volume = {6},
    pages = {182--197}
}

@Comment{jabref-meta: databaseType:bibtex;}
