% WEKA updated version
@article{hall2009weka,
  title={The WEKA data mining software: an update},
  author={Hall, Mark and Frank, Eibe and Holmes, Geoffrey and Pfahringer, Bernhard and Reutemann, Peter and Witten, Ian H},
  journal={ACM SIGKDD explorations newsletter},
  volume={11},
  number={1},
  pages={10--18},
  year={2009},
  publisher={ACM}
}

% WEKA online appendix
@book{witten2016online,
  title={Online Appendix for "Data Mining: Practical Machine Learning Tools and Techniques"},
  author={Witten, Ian H and Frank, Eibe and Hall, Mark A},
  year={2016},
  publisher={Morgan Kaufmann}
}

% Auto-WEKA
@inproceedings{thornton2013auto,
  title={Auto-WEKA: Combined selection and hyperparameter optimization of classification algorithms},
  author={Thornton, Chris and Hutter, Frank and Hoos, Holger H and Leyton-Brown, Kevin},
  booktitle={Proceedings of the 19th ACM SIGKDD international conference on Knowledge discovery and data mining},
  pages={847--855},
  year={2013},
  organization={ACM}
}

%Auto-WEKA 2.0
@article{kotthoff2016auto,
  title={Auto-WEKA 2.0: Automatic model selection and hyperparameter optimization in WEKA},
  author={Kotthoff, Lars and Thornton, Chris and Hoos, Holger H and Hutter, Frank and Leyton-Brown, Kevin},
  journal={Journal of Machine Learning Research},
  volume={17},
  pages={1--5},
  year={2016}
}

%SMAC
@article{hutter2011sequential,
  title={Sequential Model-Based Optimization for General Algorithm Configuration.},
  author={Hutter, Frank and Hoos, Holger H and Leyton-Brown, Kevin},
  journal={LION},
  volume={5},
  pages={507--523},
  year={2011},
  publisher={Springer}
}

%Auto-sklearn
@inproceedings{feurer2015efficient,
  title={Efficient and robust automated machine learning},
  author={Feurer, Matthias and Klein, Aaron and Eggensperger, Katharina and Springenberg, Jost and Blum, Manuel and Hutter, Frank},
  booktitle={Advances in Neural Information Processing Systems},
  pages={2962--2970},
  year={2015}
}
