% WEKA updated version
@article{hall2009weka,
  title={The WEKA data mining software: an update},
  author={Hall, Mark and Frank, Eibe and Holmes, Geoffrey and Pfahringer, Bernhard and Reutemann, Peter and Witten, Ian H},
  journal={ACM SIGKDD explorations newsletter},
  volume={11},
  number={1},
  pages={10--18},
  year={2009},
  publisher={ACM}
}

% WEKA online appendix
@book{witten2016online,
  title={Online Appendix for "Data Mining: Practical Machine Learning Tools and Techniques"},
  author={Witten, Ian H and Frank, Eibe and Hall, Mark A},
  year={2016},
  publisher={Morgan Kaufmann}
}

% Auto-WEKA
@inproceedings{thornton2013auto,
  title={Auto-WEKA: Combined selection and hyperparameter optimization of classification algorithms},
  author={Thornton, Chris and Hutter, Frank and Hoos, Holger H and Leyton-Brown, Kevin},
  booktitle={Proceedings of the 19th ACM SIGKDD international conference on Knowledge discovery and data mining},
  pages={847--855},
  year={2013},
  organization={ACM}
}

%Auto-WEKA 2.0
@article{kotthoff2016auto,
  title={Auto-WEKA 2.0: Automatic model selection and hyperparameter optimization in WEKA},
  author={Kotthoff, Lars and Thornton, Chris and Hoos, Holger H and Hutter, Frank and Leyton-Brown, Kevin},
  journal={Journal of Machine Learning Research},
  volume={17},
  pages={1--5},
  year={2016}
}

%SMAC
@article{hutter2011sequential,
  title={Sequential Model-Based Optimization for General Algorithm Configuration.},
  author={Hutter, Frank and Hoos, Holger H and Leyton-Brown, Kevin},
  journal={LION},
  volume={5},
  pages={507--523},
  year={2011},
  publisher={Springer}
}

%Auto-sklearn
@inproceedings{feurer2015efficient,
  title={Efficient and robust automated machine learning},
  author={Feurer, Matthias and Klein, Aaron and Eggensperger, Katharina and Springenberg, Jost and Blum, Manuel and Hutter, Frank},
  booktitle={Advances in Neural Information Processing Systems},
  pages={2962--2970},
  year={2015}
}

%ML-Plan
@unpublished{wever2017automatic,
 author={Wever, Marcel and Mohr, Felix and H\"ullermeier, Eyke},
 title={Automatic Machine Learning: Hierarchical Planning Versus Evolutionary Optimization},
 note={Unpublished: Proc. 27. Workshop Computational Intelligence, Dortmund, 23. -24.11.2017}
}

%White Paper data 2012
@techreport{gantz2012the,
	author={Gantz, John and Reinsel, David},
	title={THE DITIGAL UNIVERSE IN 2020: Big Data, Bigger Digital Shadows, and Biggest Growth in the Far East},
	year={2012},
	month={11},
	number={IDC 1414\_v3},
	institution={International Data Corporation},
	url={https://www.emc.com/collateral/analyst-reports/idc-the-digital-universe-in-2020.pdf},
	urldate={2017-11-30}
}

%White Paper data 2017
@techreport{gantz2017data,
	author={Gantz, John and Rydning, John},
	title={Data Age 2025: The Evolution of Data to Life-Critical},
	subtitle={Don't Focus on Big Data; Focus on the Data That's Big},
	year={2017},
	month={04},
	institution={International Data Corporation},
	url={https://www.seagate.com/files/www-content/%our-story/trends/files/Seagate-WP-DataAge2025-%Mar%h-2017.pdf},
	urldate={2017-11-30}
}

%Data for electricity
@techreport{harris1999splice,
	author={Harris, Mark},
	title={Splice-2 comparative evaluation: Electricity pricing},
	year={1999},
	institution={The University of South Wales},
	url={http://www.inescporto.pt/%7Ejgama/ales/ales_5.html},
	urldate={2017-11-30}
}

% vehicle silhouettes
@techreport{siebert1987vehicle,
  title={Vehicle recognition using rule based methods},
  author={Siebert, J Paul},
  year={1987},
  institution={Turing Institute},
  number={TIRM\-87\-018}
}

%Performance of Random Forests on electricity
@online{cachada2017run,
  author = {Cachada, Miguel},
  title = {Run 2221382},
  date={2017-05-18},
  url = {https://www.openml.org/r/2221382},
  urldate = {2017-11-30}
}

%Performance of Random Forests on vehicle
@online{cachada2017run2,
  author = {Cachada, Miguel},
  title = {Run 2210139},
  date={2017-05-17},
  url = {https://www.openml.org/r/2210139},
  urldate = {2017-11-30}
}

% Performance of Multilayer Perceptron on electricity
@online{cachada2017run3,
  author = {Cachada, Miguel},
  title = {Run 2290623},
  date={2017-05-20},
  url = {https://www.openml.org/r/2290623},
  urldate = {2017-11-30}
}

% Performance of Multilayer Perceptron on vehicle
@online{cachada2017run4,
  author = {Cachada, Miguel},
  title = {Run 2290766},
  date={2017-05-20},
  url = {https://www.openml.org/r/2290766},
  urldate = {2017-11-30}
}

%jPL
@online{intelligent2017jpl,
  author = {Intelligent\-Systems\-Group},
  title = {jPL framework},
  date={2017-06-30},
  url = {https://github.com/Intelligent-Systems-Group/jpl-framework},
  urldate = {2017-11-30}
}

% Preference Learning
@book{DBLP:books/daglib/0025729,
  editor    = {Johannes F{\"{u}}rnkranz and
               Eyke H{\"{u}}llermeier},
  title     = {Preference Learning},
  publisher = {Springer},
  year      = {2010}
}



